<?xml version="1.0" encoding="UTF-8"?><record xmlns="http://www.loc.gov/MARC21/slim" xmlns:cinclude="http://apache.org/cocoon/include/1.0" xmlns:zs="http://www.loc.gov/zing/srw/">
  <leader>00388nz  a2200121n  4500</leader>
  <controlfield tag="001">n 2001009790</controlfield>
  <controlfield tag="003">DLC</controlfield>
  <controlfield tag="005">20010801163203.0</controlfield>
  <controlfield tag="008">010801n| acannaabn          |n aaa      </controlfield>
  <datafield tag="010" ind1=" " ind2=" ">
    <subfield code="a">n 2001009790</subfield>
  </datafield>
  <datafield tag="040" ind1=" " ind2=" ">
    <subfield code="a">DLC</subfield>
    <subfield code="b">eng</subfield>
    <subfield code="c">DLC</subfield>
  </datafield>
  <datafield tag="100" ind1="1" ind2=" ">
    <subfield code="a">Belʹkov, E. V.</subfield>
  </datafield>
  <datafield tag="670" ind1=" " ind2=" ">
    <subfield code="a">Mnogofaktornye prognozno-poiskovye modeli mestorozhdeniĭ zolota i serebra severo-vostoka Rossii, 1992:</subfield>
    <subfield code="b">t.p. verso (Belʹkov E.V)</subfield>
  </datafield>
</record>